@inproceedings{zhao2015enquiring,
  title={Enquiring Minds: Early Detection of Rumors in Social Media from Enquiry Posts},
  author={Zhao, Zhe and Resnick, Paul and Mei, Qiaozhu},
  booktitle={Proceedings of the 24th International Conference on World Wide Web},
  pages={1395--1405},
  year={2015},
  organization={International World Wide Web Conferences Steering Committee}
}
@inproceedings{qazvinian2011rumor,
  title={Rumor has it: Identifying misinformation in microblogs},
  author={Qazvinian, Vahed and Rosengren, Emily and Radev, Dragomir R and Mei, Qiaozhu},
  booktitle={Proceedings of the Conference on Empirical Methods in Natural Language Processing},
  pages={1589--1599},
  year={2011},
  organization={Association for Computational Linguistics}
}
@inproceedings{munoz2011identifying,
	title={Identifying topics in social media posts using dbpedia},
	author={Mu{\~n}oz-Garc{\'\i}a, O and Garc{\'\i}a-Silva, Andr{\'e}s and Corcho, Oscar and Higuera Hern{\'a}ndez, M and Navarro, Carlos},
	booktitle={Proceedings of the NEM Summit},
    pages={81-86},
	year={2011},
}
@inproceedings{gimpel2011part,
  title={Part-of-speech tagging for twitter: Annotation, features, and experiments},
  author={Gimpel, Kevin and Schneider, Nathan and O'Connor, Brendan and Das, Dipanjan and Mills, Daniel and Eisenstein, Jacob and Heilman, Michael and Yogatama, Dani and Flanigan, Jeffrey and Smith, Noah A},
  booktitle={Proceedings of the 49th Annual Meeting of the Association for Computational Linguistics: Human Language Technologies: short papers-Volume 2},
  pages={42--47},
  year={2011},
  organization={Association for Computational Linguistics}
}
@article{bontcheva2012making,
	title={Making sense of social media streams through semantics: a survey},
	author={Bontcheva, Kalina and Rout, Dominic},
	journal={Semantic Web},
	volume={1},
	pages={1--31},
	year={2012}
}
@inproceedings{guille2013information,
	title={Information diffusion in online social networks},
	author={Guille, Adrien},
	booktitle={Proceedings of the 2013 SIGMOD/PODS Ph. D. symposium},
	pages={31--36},
	year={2013},
	organization={ACM}
}
@article{vieweg2010microblogged,
  title={Microblogged contributions to the emergency arena: Discovery, interpretation and implications},
  author={Vieweg, Sarah},
  journal={Computer Supported Collaborative Work},
  pages={515--516},
  year={2010}
}
@inproceedings{java2007we,
  title={Why we twitter: understanding microblogging usage and communities},
  author={Java, Akshay and Song, Xiaodan and Finin, Tim and Tseng, Belle},
  booktitle={Proceedings of the 9th WebKDD and 1st SNA-KDD 2007 workshop on Web mining and social network analysis},
  pages={56--65},
  year={2007},
  organization={ACM}
}
@article{kohut2008internet,
  title={Internet overtakes newspapers as news outlet},
  author={Kohut, Andrew and Remez, Michael},
  journal={Pew Research Centre},
  year={2008}
}
@inproceedings{kwon2013prominent,
  title={Prominent features of rumor propagation in online social media},
  author={Kwon, Sejeong and Cha, Meeyoung and Jung, Kyomin and Chen, Wei and Wang, Yajun},
  booktitle={Data Mining (ICDM), 2013 IEEE 13th International Conference on},
  pages={1103--1108},
  year={2013},
  organization={IEEE}
}
@incollection{sun2013detecting,
  title={Detecting event rumors on sina weibo automatically},
  author={Sun, Shengyun and Liu, Hongyan and He, Jun and Du, Xiaoyong},
  booktitle={Web Technologies and Applications},
  pages={120--131},
  year={2013},
  publisher={Springer}
}
@inproceedings{castillo2011information,
  title={Information credibility on twitter},
  author={Castillo, Carlos and Mendoza, Marcelo and Poblete, Barbara},
  booktitle={Proceedings of the 20th international conference on World wide web},
  pages={675--684},
  year={2011},
  organization={ACM}
}
@book{difonzo2007rumor,
  title={Rumor psychology: Social and organizational approaches.},
  author={DiFonzo, Nicholas and Bordia, Prashant},
  year={2007},
  publisher={American Psychological Association}
}
@book{white2012hadoop,
  title={Hadoop: The definitive guide},
  author={White, Tom},
  year={2012},
  publisher={" O'Reilly Media, Inc."}
}